
@misc{noauthor_herramienta_nodate,
	title = {Herramienta web para crear rutas},
	url = {https://www.gpsies.com/#10_43.3666_-8.4068_hikebike},
	note = {pueden ser exportables a JSON y a otros formatos.}
}

@misc{noauthor_alamofire_nodate,
	title = {Alamofire, elegant networking in {Swift}},
	url = {https://github.com/Alamofire/Alamofire},
	note = {librería para realizar peticiones HTTP en Swift.}
}

@misc{noauthor_como_nodate,
	title = {Como instalar cualquier aplicación en {iOS} sin {Jailbreak}. {Funciona} con {iPhone}, {iPad} y {Apple} {TV}4.},
	url = {http://byverdu.es/como-instalar-cualquier-aplicacion-en-ios-sin-jailbreak-funciona-con-iphone-ipad-y-apple-tv4/}
}

@misc{andrey_nikishaev_how_nodate,
	title = {How {I} hacked my {Xiaomi} {MiBand} 2 fitness tracker},
	url = {https://medium.com/machine-learning-world/how-i-hacked-xiaomi-miband-2-to-control-it-from-linux-a5bd2f36d3ad},
	author = {{Andrey Nikishaev}}
}

@misc{noauthor_ble_nodate,
	title = {{BLE} {Service} {Discovery}},
	url = {https://www.bluetooth.com/specifications/assigned-numbers/service-discovery},
	note = {listado de identificadores UUID utilizados en BLE.}
}

@misc{leandro_perez_memory_nodate,
	title = {Memory {Leaks} in {Swift}},
	url = {https://medium.com/flawless-app-stories/memory-leaks-in-swift-bfd5f95f3a74},
	journal = {flawless},
	author = {{Leandro Pérez}},
	note = {prevención de referencias criculares y fugas de memoria en Swift}
}

@misc{noauthor_apple_nodate,
	title = {Apple {Design} {Resources}},
	url = {https://developer.apple.com/design/resources/},
	note = {recursos oficiales de Apple para el diseño de interfaces}
}

@misc{noauthor_alamofire_nodate-1,
	title = {Alamofire},
	url = {https://github.com/Alamofire/Alamofire},
	note = {librería para realizar peticiones HTTP desde Swift}
}

@misc{noauthor_situm_nodate,
	title = {Situm {Developers} {iOS}},
	url = {http://developers.situm.es/pages/ios/index.html},
	note = {toda la información necesaria para los desarrolladores iOS que quieran incorporar Situm a su proyecto.}
}

@misc{noauthor_aplicacion_nodate,
	title = {Aplicación {Android} de {Situm}},
	url = {https://play.google.com/store/apps/details?id=es.situm.maps},
	note = {con esta aplicación se pueden calibrar los edificios que tengamos subidos al Dashboard.}
}

@misc{noauthor_situm_nodate-1,
	title = {Situm {Dashboard}},
	url = {https://dashboard.situm.es},
	note = {página de registro para empezar a utilizar los servicios de Situm.}
}

@misc{noauthor_adobe_nodate,
	title = {Adobe color wheel},
	url = {https://color.adobe.com/create/color-wheel/},
	note = {herramienta web que facilita la elección de paletas de colores para el diseño de apps.}
}

@misc{noauthor_color_nodate,
	title = {El color, la herramienta más poderosa para diseñar tu app},
	url = {https://slashmobility.com/blog/2015/06/el-color-la-herramienta-mas-poderosa-para-disenar-tu-app/},
	journal = {Slashmobility}
}

@misc{noauthor_users_nodate,
	title = {Users in {Firebase} {Projects}},
	url = {https://firebase.google.com/docs/auth/users},
	note = {Información sobre los tokens de usuario en Firebase.}
}

@misc{noauthor_firebase_nodate,
	title = {Firebase {Rules}},
	url = {https://firebase.google.com/docs/database/security/},
	note = {documentación sobre autenticación y reglas de Firebase.}
}

@misc{noauthor_firebase_nodate-1,
	title = {Firebase {API} {REST} {Authentication}},
	url = {https://firebase.google.com/docs/reference/rest/auth/},
	note = {Métodos de autenticación utilizando la API REST de Firebase.}
}

@misc{noauthor_ios_nodate,
	title = {{iOS} {Human} interface guidelines},
	url = {https://developer.apple.com/design/human-interface-guidelines/},
	note = {estilo de diseño que se debe seguir a la hora de desarrollar aplicaciones iOS.}
}

@misc{forrestknight_how_nodate,
	title = {How to {Design} an {iPhone} {X} {App} ({iOS}) - {Adobe} {Xd} {Design} {Tutorial}},
	url = {https://www.youtube.com/watch?v=UmzSm1CuYO0},
	author = {{ForrestKnight}},
	note = {Tutorial para la realización de un diseño de interfaz para una app iOS.}
}

@misc{noauthor_adobe_nodate-1,
	title = {Adobe {Xd}},
	url = {https://www.adobe.com/es/products/xd.html},
	note = {programa utilizado para el diseño de interfaz de la aplicación.}
}

@misc{noauthor_senion_nodate,
	title = {Senion},
	url = {https://senion.com},
	note = {una alternativa a Situm}
}

@misc{noauthor_indooratlas_nodate,
	title = {{IndoorAtlas}},
	url = {https://www.indooratlas.com},
	note = {una alternativa a Situm}
}

@misc{noauthor_eventsource_nodate,
	title = {{EventSource} / {Server}-{Sent} {Events} protocol},
	url = {https://www.w3.org/TR/eventsource/},
	note = {documentación sobre el protocolo que permite recibir cambios en la base de datos en tiempo real.}
}

@misc{noauthor_cloud_nodate,
	title = {Cloud {Functions} {Local} {Emulator}},
	url = {https://cloud.google.com/functions/docs/emulator},
	note = {guía para utilizar el emulador de Cloud Functions en local.}
}

@misc{noauthor_realtime_nodate,
	title = {Realtime {Database} triggered {Cloud} {Functions}},
	url = {https://firebase.google.com/docs/functions/database-events},
	note = {Guía para utilizar funciones de Cloud Functions que se ejecutan tras un cambio en la base de datos.}
}

@misc{noauthor_http_nodate,
	title = {{HTTP} {Triggered} {Cloud} {Functions}},
	url = {https://firebase.google.com/docs/functions/http-events},
	note = {guía para crear funciones que se activan mediante una petición HTTP.}
}

@misc{noauthor_documentacion_nodate,
	title = {Documentación {Cloud} {Functions}},
	url = {https://firebase.google.com/docs/functions/get-started},
	note = {Guía para empezar a utilizar y desarrollar funciones.}
}

@misc{noauthor_cloud_nodate-1,
	title = {Cloud {Functions} examples},
	url = {https://github.com/firebase/functions-samples},
	note = {Funciones ejemplo que se pueden subir a Firebase}
}

@misc{noauthor_cloud_nodate-2,
	title = {Cloud functions de {Firebase}},
	url = {https://cloud.google.com/functions/},
	note = {Información sobre esta funcionalidad de Firebase que permite la ejecución de código en la nube.}
}

@misc{noauthor_ericsson_nodate,
	title = {Ericsson optimizing workplace},
	url = {https://senion.com/press/ericsson-optimizing-workplace-senions-stepinside-indoor-positioning-system/},
	note = {Ejemplo de la utilidad del posicionamiento de interiores en oficinas.}
}

@misc{noauthor_flowscape_nodate,
	title = {Flowscape},
	url = {https://flowscape.se},
	note = {Compañía que ofrece servicios de localización en interiores para oficinas.}
}

@misc{noauthor_feria_2015,
	title = {Feria {eCommerce} {Brasil} 2015},
	url = {https://vimeo.com/137368347},
	year = {2015},
	note = {Vídeo explicativo de la aplicación utilizada en este evento.}
}

@misc{noauthor_parque_nodate,
	title = {Parque {Arauco} app},
	url = {https://www.youtube.com/watch?v=Nk34rHzVo7U},
	note = {Ejemplo de una app publicitaria basada en técnicas de posicionamiento en interiores.}
}

@misc{noauthor_dubai_nodate,
	title = {Dubai {Mall} app},
	url = {https://thedubaimall.com/en/map},
	note = {Disponible para Android e iOS.}
}

@misc{noauthor_ginza_nodate,
	title = {{GINZA} {SIX} {App}},
	url = {https://ginza6.tokyo/membership/app},
	note = {Disponible para Android e iOs.}
}

@misc{noauthor_mall_nodate,
	title = {Mall of {America} app},
	url = {https://www.mallofamerica.com/guest-services/mobile-apps},
	note = {Disponible para Android e iOS.}
}

@misc{firomero87_relaciones_nodate,
	title = {Relaciones en lo no relacional},
	url = {https://codechanic.wordpress.com/2016/08/12/relaciones-en-lo-no-relacional/},
	abstract = {Pequeño artículo que indica como se debería estructurar una base de datos no relacional.},
	journal = {Codechanic},
	author = {{firomero87}}
}

@misc{situm_casos_nodate,
	title = {Casos de éxito de la plataforma {Situm}},
	url = {https://situm.es/es/experiencias},
	abstract = {Algunas aplicaciones reales del posicionamiento en interiores.},
	author = {{Situm}}
}

@misc{situm_indoor_2018,
	title = {Indoor positioning for healthcare},
	url = {https://www.youtube.com/watch?v=PPyAy3AdnWM},
	abstract = {Ejemplo de la utilidad del posicionamiento en interiores en hospitales.},
	author = {{Situm}},
	year = {2018}
}

@misc{securitas_seguridad_espana_securitas_2018,
	title = {Securitas {Location}},
	url = {https://www.youtube.com/watch?v=6EDnSLmrdiI},
	abstract = {Ejemplo de la utilidad del posicionamiento en eventos.},
	author = {{Securitas Seguridad España}},
	year = {2018}
}

@misc{situm_indoor_2018-1,
	title = {Indoor positioning for exhibitions},
	url = {https://www.youtube.com/watch?v=lr6-J027_dw},
	abstract = {Ejemplo de la utilidad del posicionamiento en eventos.},
	author = {{Situm}},
	year = {2018}
}

@article{mohamad_yassin_elias_rachid_survey_2015,
	title = {A {Survey} of {Positioning} {Techniques} and {Location} {Based} {Services} in {Wireless} {Networks}},
	url = {https://hal.inria.fr/hal-01310662/file/A_Survey_of_Positioning_Techniques_and_Location_Based_Services_in_Wireless_Networks.pdf},
	abstract = {Técnicas y tecnologías para el posicionamiento en interiores.},
	author = {{Mohamad Yassin, Elias Rachid}},
	year = {2015}
}

@misc{google_firebase_nodate,
	title = {Firebase},
	url = {https://firebase.google.com/},
	abstract = {Página principal de Firebase},
	author = {{Google}}
}

@misc{google_firebase_nodate-1,
	title = {Firebase {Authentication}},
	url = {https://firebase.google.com/products/auth/},
	abstract = {Información sobre el servicio de autenticación de Firebase},
	author = {{Google}}
}

@misc{google_firebase_nodate-2,
	title = {Firebase {Database}},
	url = {https://firebase.google.com/products/database/},
	abstract = {Información sobre el servicio de base de datos en tiempo real de Firebase},
	author = {{Google}}
}

@misc{firebase_tutorial_2016,
	title = {Tutorial {Firebase} {Authentication} {iOS}},
	url = {https://www.youtube.com/watch?v=PrXmRaoZmD4},
	abstract = {Tutorial para añadir los servicios de autenticación de Firebase a nuestra aplicación iOS.},
	author = {{Firebase}},
	year = {2016}
}

@misc{google_firebase_nodate-3,
	title = {Firebase {Cloud} {Functions}},
	url = {https://firebase.google.com/products/functions/},
	abstract = {Información sobre el servicio de ejecución de código de backend de Firebase},
	author = {{Google}}
}

@techreport{firebase_firebasedatabase_2018,
	title = {{FirebaseDatabase} {Framework} {Reference}},
	url = {https://firebase.google.com/docs/reference/swift/firebasedatabase/api/reference/Classes},
	abstract = {Documentación para utilizar la base de datos en tiempo real de Firebase desde aplicaciones iOS con lenguaje Swift.},
	author = {{Firebase}},
	month = jun,
	year = {2018}
}

@techreport{firebase_firebasedatabase_2018-1,
	title = {{FirebaseDatabase} {Framework} {Reference}},
	url = {https://firebase.google.com/docs/reference/ios/firebasedatabase/api/reference/Classes},
	abstract = {Documentación para utilizar la base de datos en tiempo real de Firebase desde aplicaciones iOS con lenguaje Objective-C.},
	author = {{Firebase}},
	month = jun,
	year = {2018}
}

@techreport{firebase_firebase_2018,
	title = {Firebase {Database} {REST} {API}},
	url = {https://firebase.google.com/docs/reference/rest/database/},
	abstract = {Documentación para utilizar la API REST para acceder a los datos de la base de datos en tiempo real de Firebase.},
	author = {{Firebase}},
	month = jul,
	year = {2018}
}

@techreport{firebase_firebase_2018-1,
	title = {Firebase {Database} {REST} {API}, datos ordenados},
	url = {https://firebase.google.com/docs/database/rest/retrieve-data#section-rest-ordered-data},
	abstract = {Documentación para obtener los datos ordenados de la base de datos en tiempo real de Firebase con la API REST.},
	author = {{Firebase}},
	month = jul,
	year = {2018}
}

@techreport{firebase_firebase_2018-2,
	title = {Firebase {Database} {REST} {API}, datos filtrados},
	url = {https://firebase.google.com/docs/database/rest/retrieve-data#section-rest-filtering},
	abstract = {Documentación para obtener los datos filtrados de la base de datos en tiempo real de Firebase con la API REST.},
	author = {{Firebase}},
	month = jul,
	year = {2018}
}

@misc{situm_situm_nodate,
	title = {Situm {iOS} {SDK}},
	url = {http://developers.situm.es/pages/ios/},
	abstract = {SDK de Situm para aplicaciones iOS.},
	author = {{Situm}}
}

@misc{situm_situm_nodate-1,
	title = {Situm {Cordova} {SDK}},
	url = {http://developers.situm.es/pages/cordova/},
	abstract = {SDK de Situm para aplicaciones Cordova.},
	author = {{Situm}}
}

@misc{situm_situm_nodate-2,
	title = {Situm {Android} {SDK}},
	url = {http://developers.situm.es/pages/android/},
	abstract = {SDK de Situm para aplicaciones Android.},
	author = {{Situm}}
}

@misc{situm_situm_nodate-3,
	title = {Situm {API} {REST}},
	url = {http://developers.situm.es/pages/rest/},
	abstract = {API REST para todo tipo de aplicaciones.},
	author = {{Situm}}
}

@misc{christian_collado_app_2018,
	title = {La {App} {Store} duplica en ingresos a {Google} {Play} {Store}, ¿dónde está el truco?},
	url = {https://andro4all.com/2018/07/google-play-store-vs-apple-store-ingresos},
	journal = {Andro4all},
	author = {{Christian Collado}},
	year = {2018}
}

@misc{chris_ching_xcode_2017,
	title = {Xcode for {Windows} (12 {Ways} to {Build} {iOS} {Apps} on {PC})},
	url = {https://andro4all.com/2018/07/google-play-store-vs-apple-store-ingresos},
	journal = {Code with Chris},
	author = {{Chris Ching}},
	year = {2017}
}

@misc{curtis_hard_davey_heuser_iconjar_nodate,
	title = {{IconJar}},
	url = {https://geticonjar.com/},
	abstract = {Aplicación para testear peticiones.},
	author = {{Curtis Hard, Davey Heuser}}
}

@misc{leveluptuts_sketch_2015,
	title = {Sketch tutorials},
	url = {https://www.youtube.com/playlist?list=PLLnpHn493BHE6UIsdKYlS5zu-ZYvx22CS},
	abstract = {Tutorial para apender a utilizar la aplicación de diseño Sketch.},
	author = {{LevelUpTuts}},
	year = {2015}
}

@misc{dmitry_barashev_ganttproject_2011,
	title = {{GanttProject} tutorial},
	url = {https://www.youtube.com/watch?v=5rHCSa5ad34},
	abstract = {Breve tutorial para aprender a utilizar la herramienta GanttProject.},
	author = {{Dmitry Barashev}},
	year = {2011}
}

@misc{ruben_alcaraz_3_2012,
	title = {3 aplicaciones libres para la gestión de proyectos},
	url = {http://www.cobdc.net/programarilliure/3-aplicaciones-libres-para-la-gestion-de-proyectos/},
	journal = {Programari Lliure},
	author = {{Rubén Alcaraz}},
	month = oct,
	year = {2012}
}

@misc{noauthor_ganttproject_nodate,
	title = {{GanttProject}},
	url = {https://www.ganttproject.biz/},
	abstract = {Programa de software libre que permite crear diagramas de Gantt.}
}

@misc{noauthor_overleaf_nodate,
	title = {Overleaf},
	url = {https://www.overleaf.com/},
	abstract = {Herramienta web de edición de documentos compartidos.}
}

@misc{noauthor_git_nodate,
	title = {Git de la {FIC}},
	url = {https://git.fic.udc.es},
	abstract = {Servicios de Git de la Facultad de Informática de la Coruña}
}

@misc{noauthor_sketch_nodate,
	title = {Sketch},
	url = {https://www.sketchapp.com/},
	abstract = {Aplicación para testear peticiones.},
	publisher = {Bohemian B.V.}
}

@misc{noauthor_postman_nodate,
	title = {Postman},
	url = {https://www.getpostman.com/apps},
	abstract = {Aplicación para testear peticiones.},
	publisher = {Postdot Technologies}
}